@article{cf1801_1930,
	title={Caminhos de Ferro, População e Desigualdades Territoriais em Portugal, 1801-1930},
	author={Luís Espinha da Silveira, Daniel Alves, Nuno Miguel Lima, Ana Alcântara e Josep Puig-Farré},
	journal={Ler História},
	number={61},
	pages={7-38},
	year={2011},
	url={http://atlas.fcsh.unl.pt/docs/LuisSilveira_Alves_Lima_Alcantara_Puig_Caminhos_de_ferro_populacao.pdf}
}

@misc{ prn,
	author = {Infraestruturas de Portugal, S.A.},
	title = {Plano Rodoviário Nacional},
	year = {2017},
	url = {http://www.infraestruturasdeportugal.pt/rede/rodoviaria/prn},
	note = {[Online; acedido 13-Outubro-2017]}
}

@misc{ pordata:extaes,
	author = {{Fundação Francisco Manuel dos Santos}},
	title = {Pordata - Extensão das auto-estradas},
	year = {2017},
	url = {http://www.pordata.pt/Europa/Extens%c3%a3o+das+auto+estradas-3068},
	note = {[Online; acedido 13-Outubro-2017]}
}

@misc{
	dbfo_uk,
	author={{Highways Agency}},
	url = {http://webarchive.nationalarchives.gov.uk/20140603114609/http://www.highways.gov.uk/our-road-network/managing-our-roads/operating-our-network/how-we-manage-our-roads/private-finance-initiatives-design-build-finance-and-operate-dbfo/},
	title = {Private Finance Initiatives - Design Build Finance and Operate (DBFO)},
	year = {2014},
	note = {[Online; acedido 24-Outubro-2017]}
}

@techreport{ glease,
  author = {Steer Davies Gleave},
	title = {Ex Post Evaluation of Cohesion Policy Programmes 2000-2006. Work package 5a: Transport},
	url = {http://www.eurosfaire.prd.fr/7pc/doc/1269354552_2009_intermediate_report_dg_regio.pdf},
	year = {2009},
	note = {[Online; acedido 24-Outubro-2017]}
}

@mastersthesis{ hfernando,
	title={Um contributo para análise das Parcerias Público-Privadas Rodoviárias em Portugal},
	author={Helena Fernando},
	year={2013},
	url={https://sigarra.up.pt/reitoria/pt/pub_geral.show_file?pi_gdoc_id=130322}
}

@techreport{ TC2003,
	author = {{Tribunal de Contas}},
	title = {Auditoria às concessões rodoviárias em regime de portagem SCUT},
	url = {http://www.tcontas.pt/pt/actos/rel_auditoria/2008/audit-dgtc-rel010-2008-2s.pdf},
	year = {2003}
}

@techreport{ TC2008,
	author = {{Tribunal de Contas}},
	title = {Auditoria à Gestão das Parcerias Público Privadas - Concessões Rodoviárias},
	url = {http://www.tcontas.pt/pt/actos/rel_auditoria/2003/2s/rel014-2003-2s.pdf},
	year = {2008}
}

@mastersthesis{mbalseiro,
	title={Falhas do Estado na Regulação das Parcerias Público-Privadas no Setor Rodoviário},
	author={Ana Margarida Balseiro de Sousa Lopes},
	year={2013},
	url={http://repositorio.ucp.pt/bitstream/10400.14/14915/1/TESE_Margarida_Balseiro_Lopes.pdf}
}

@book{ptpereira,
	title={Dívida Pública e Défice Democrático},
	author={Paulo Trigo Pereira},
	publisher = {Fundação Francisco Manuel dos Santos},
	year={2012}
}

http://arquivo.pt/wayback/20081021172857/http://www.dgtf.pt/docs/Relatorio_PPP_2008.pdf

@misc{ burris,
	url = {https://ceprofs.civil.tamu.edu/mburris/Papers/Toll%20Price%20Component%20of%20Travel%20Deamnd%20Elasticity.pdf}
}
